% This file was created with JabRef 2.7b.
% Encoding: UTF-8

@ARTICLE{AllmanHR2010,
  author = {Elizabeth S. Allman and Mark T. Holder and John A. Rhodes},
  title = {Estimating trees from filtered data: Identifiability of models for
	morphological phylogenetics},
  journal = {Journal of Theoretical Biology},
  year = {2010},
  volume = {263},
  pages = {108-119},
  number = {1},
  bdsk-url-1 = {http://www.sciencedirect.com/science/article/B6WMD-4XX160T-2/2/5adf8b8af77dd551890d7cb5b0e62dba},
  bdsk-url-2 = {http://dx.doi.org/10.1016/j.jtbi.2009.12.001},
  date-added = {2010-07-12 09:57:31 -0500},
  date-modified = {2010-11-21 21:25:13 -0600},
  doi = {DOI: 10.1016/j.jtbi.2009.12.001},
  issn = {0022-5193},
  keywords = {Mkv model},
  url = {http://www.sciencedirect.com/science/article/B6WMD-4XX160T-2/2/5adf8b8af77dd551890d7cb5b0e62dba}
}

@ARTICLE{Felsenstein1981,
  author = {Joseph Felsenstein},
  title = {Evolutionary trees from {DNA} sequences: a maximum likelihood approach},
  journal = {Journal of Molecular Evolution},
  year = {1981},
  volume = {17},
  pages = {368-376},
  date-added = {2012-04-05 17:17:48 -0500},
  date-modified = {2012-04-05 17:17:54 -0500}
}

@ARTICLE{Fitch1971,
  author = {Walter M. Fitch},
  title = {Toward Defining the Course of Evolution: Minimum Change for a Specified
	Tree Topology},
  journal = {Systematic Zoology},
  year = {1971},
  volume = {20},
  pages = {406-416},
  date-added = {2012-04-11 11:19:13 -0500},
  date-modified = {2012-04-11 11:19:13 -0500}
}

@ELECTRONIC{KochH2012,
  author = {Jordan M. Koch and Mark T. Holder},
  year = {2012},
  title = {An Algorithm for Calculating the Probability of Classes of Data Patterns
	on a Genealogy},
  date-added = {2013-04-12 15:33:24 -0500},
  date-modified = {2013-04-12 15:37:57 -0500},
  doi = {10.1371/4fd1286980c08},
  journal = {PLOS Currents Tree of Life},
  urldate = {2012 Dec 14}
}

@ARTICLE{Lewis2001,
  author = {P. O. Lewis},
  title = {A likelihood approach to estimating phylogeny from discrete morphological
	character data},
  journal = {Systematic Biology},
  year = {2001},
  volume = {50},
  pages = {913--925},
  number = {6},
  date-added = {2012-04-05 17:19:37 -0500},
  date-modified = {2012-04-05 17:19:37 -0500}
}

@ARTICLE{NylanderRHN2004,
  author = {Johan A. A. Nylander and Fredrik Ronquist and John P. Huelsenbeck
	and Jose Luis Nieves-Aldrey},
  title = {{B}ayesian Phylogenetic Analysis of Combined Data},
  journal = {Systematic Biology},
  year = {2004},
  volume = {53},
  pages = {47-67},
  number = {1},
  date-modified = {2007-03-19 22:22:59 -0400},
  owner = {mholder},
  timestamp = {2013.04.12}
}

@ARTICLE{WaddellOP2009,
  author = {Waddell, Peter J and Ota, Rissa and Penny, David},
  title = {{Measuring Fit of Sequence Data to Phylogenetic Model: Gain of Power
	Using Marginal Tests}},
  journal = {Journal of Molecular Evolution},
  year = {2009},
  volume = {69},
  pages = {289--299},
  number = {4},
  month = oct,
  date-added = {2012-04-05 17:20:21 -0500},
  date-modified = {2012-04-05 17:20:31 -0500}
}

@PHDTHESIS{GARLI,
  author = {Derrick J. Zwickl},
  title = {Genetic algorithm approaches for the phylogenetic analysis of large
	biological sequence datasets under the maximum likelihood criterion},
  school = {The University of Texas at Austin.},
  year = {2006},
  bdsk-url-1 = {www.bio.utexas.edu/faculty/antisense/garli/Garli.html},
  date-added = {2012-04-05 17:19:31 -0500},
  date-modified = {2012-04-05 17:19:31 -0500},
  url = {www.bio.utexas.edu/faculty/antisense/garli/Garli.html}
}

